@misc{sasha-s,
  author = {sasha-s},
  title = {go-deadlock},
  year = {2018},
  publisher = {GitHub},
  journal = {GitHub repository},
  howpublished = {\url{https://github.com/sasha-s/go-deadlock}},
  urldate = {2022-05-03},
  commit = {5afde13977e624ab3bd64e5801f75f9e8eb1f41b}
}

@inproceedings {zhou,
  author = {J. Zhou and S. Silvestro and H. Liu and Y. Cai and T. Liu},
  booktitle = {2017 32nd IEEE/ACM International Conference on Automated Software Engineering (ASE)},
  title = {UNDEAD: Detecting and preventing deadlocks in production software},
  year = {2017},
  pages = {729-740},
  doi = {10.1109/ASE.2017.8115684},
  publisher = {IEEE Computer Society},
  address = {Los Alamitos, CA, USA},
  month = {11}
  }

  @InProceedings{havelund,
  author="Havelund, Klaus",
  editor="Havelund, Klaus
  and Penix, John
  and Visser, Willem",
  title="Using Runtime Analysis to Guide Model Checking of Java Programs",
  booktitle="SPIN Model Checking and Software Verification",
  year="2000",
  publisher="Springer Berlin Heidelberg",
  address="Berlin, Heidelberg",
  pages="245--264",
  isbn="978-3-540-45297-3"
  }
  
  

@misc{sulzmann,
  author = {M. Sulzmann},
  title = {Dynamic deadlock prediction},
  howpublished = {\url{https://sulzmann.github.io/AutonomeSysteme/lec-deadlock.html}},
  urldate = {2022-05-03}
  }

@InProceedings{bensalem,
author="Bensalem, Saddek and Havelund, Klaus",
editor="Ur, Shmuel and Bin, Eyal and Wolfsthal, Yaron",
title="Dynamic Deadlock Analysis of Multi-threaded Programs",
booktitle="Hardware and Software, Verification and Testing",
year="2006",
publisher="Springer Berlin Heidelberg",
address="Berlin, Heidelberg",
pages="208-223",
doi="10.1007/11678779_15",
isbn="978-3-540-32605-2"
}

@misc{grdd_code,
author = {{The Go Authors}},
title = {Go Runtime Library src/runtime/proc.go},
howpublished = {\url{https://go.dev/src/runtime/proc.go\#L4935}},
urldate = {2022-05-10}
}

@misc{implementation,
author = {Erik Kassubek},
title = {Deadlock-Go},
year = {2021},
publisher = {GitHub},
journal = {GitHub repository},
howpublished = {\url{https://github.com/ErikKassubek/Deadlock-Go}},
urldate = {2022-06-08},
commit = {91abc71f61628426c97328a90eab282139cafefa}
}